%==================================================
%INTRODUCTION
%==================================================

@misc{ETSI-2012,
  author={ETSI},
  Title = {Network Functions Virtualisation â€“ An Introduction, Benefits, Enablers, Challenges \& Call for Action },
  publisher={ETSI},
  year={2012},
  url = {https://portal.etsi.org/NFV/NFV\_White\_Paper.pdf},
  note={Acessed in 2018-09-13}
}

@inproceedings{Martins-2014,
  author = {Martins, Joao and Ahmed, Mohamed and Raiciu, Costin and Olteanu, Vladimir and Honda, Michio and Bifulco, Roberto and Huici, Felipe},
  title = {ClickOS and the Art of Network Function Virtualization},
  booktitle = {Proceedings of the 11th USENIX Conference on Networked Systems Design and Implementation},
  series = {NSDI'14},
  year = {2014},
  isbn = {978-1-931971-09-6},
  location = {Seattle, WA},
  pages = {459--473},
  numpages = {15},
  acmid = {2616491},
  publisher = {USENIX Association},
  address = {Berkeley, CA, USA}
}

@inproceedings{Zhang-2016,
 author = {Zhang, Wei and Liu, Guyue and Zhang, Wenhui and Shah, Neel and Lopreiato, Phillip and Todeschi, Gregoire and Ramakrishnan, K.K. and Wood, Timothy},
 title = {OpenNetVM: A Platform for High Performance Network Service Chains},
 booktitle = {Proceedings of the 2016 Workshop on Hot Topics in Middleboxes and Network Function Virtualization},
 series = {HotMIddlebox '16},
 year = {2016},
 isbn = {978-1-4503-4424-1},
 location = {Florianopolis, Brazil},
 pages = {26--31},
 numpages = {6},
 doi = {2940147.2940155},
 acmid = {2940155},
 publisher = {ACM},
 address = {New York, NY, USA}
} 

@misc{ISG-2013,
  author={ETSI ISG},
  Title = {Network Functions Virtualisation (NFV): Virtualisation Requirements },
  publisher={ETSI},
  year={2013},
  url = {https://www.etsi.org/deliver/etsi\_gs/NFV/001\_099/004/01.01.01\_60/gs\_\\NFV004v010101p.pdf},
  note={Acessed in 2018-09-13}
}

@misc{Quinn-2018,
	series =	{Request for Comments},
	number =	8300,
	howpublished =	{RFC 8300},
	publisher =	{RFC Editor},
	doi =		{10.17487/RFC8300},
	url =		{https://rfc-editor.org/rfc/rfc8300.txt},
    author =	{Paul Quinn and Uri Elzur and Carlos Pignataro},
	title =		{{Network Service Header (NSH)}},
	pagetotal =	40,
	year =		2018,
	month =		jan
}

%==================================================
%BACKGORUND
%==================================================

@misc{GS-2014,
  author={ETSI GS},
  Title = {Network Functions Virtualisation (NFV); Architectural Framework},
  publisher={ETSI},
  year={2014},
  url = {https://www.etsi.org/deliver/etsi\_gs/nfv/001\_099/002/01.01.01\_60/gs\_nf\\v002v010101p.pdf},
  note={Acessed in 2018-09-13}
}

@inproceedings{Garcia-2018,
  title={DeMONS: A DDoS Mitigation NFV Solution},
  author={Garcia, Vin{\'\i}cius F{\"u}lber and de Freitas Gaiardo, Guilherme and da Cruz Marcuzzo, Leonardo and Nunes, Raul Ceretta and dos Santos, Carlos Raniery Paula},
  booktitle={2018 IEEE 32nd International Conference on Advanced Information Networking and Applications (AINA)},
  pages={769--776},
  year={2018},
  organization={IEEE}
}

@inproceedings{Jakaria-2016,
  title={Vfence: A defense against distributed denial of service attacks using network function virtualization},
  author={Jakaria, AHM and Yang, Wei and Rashidi, Bahman and Fung, Carol and Rahman, M Ashiqur},
  booktitle={Computer Software and Applications Conference (COMPSAC), 2016 IEEE 40th Annual},
  volume={2},
  pages={431--436},
  year={2016},
  organization={IEEE}
}

@inproceedings{Cunha-2018,
author={V. A. Cunha  and M. B. de Carvalho and D. Corujo and JPB Barraca and D.G. Gomes and A.  Schaeffer-Filho and C. R. P. Santos and L. Z. Granville  and R.  Aguiar},
booktitle={IEEE Symposium on Computers and Communications ISCC},
title={An SFC-enabled Approach for Processing SSL/TLS Encrypted Traffic in Future Enterprise Networks},
year={2018},
month={June}
}

@misc{GS-2014-2,
  author={ETSI GS},
  Title = {Network Function Virtualisation (NFV): Terminology for Main concepts in NFV},
  publisher={ETSI},
  year={2014},
  url = {https://www.etsi.org/deliver/etsi\_gs/NFV/001\_099/003/01.03.01\_60/gs\_n\\fv003v010301p.pdf},
  note={Acessed in 2018-09-13}
}

@misc{Joel-2015,
	series =	{Request for Comments},
	number =	7665,
	howpublished =	{RFC 7665},
	publisher =	{RFC Editor},
	doi =		{10.17487/RFC7665},
	url =		{https://rfc-editor.org/rfc/rfc7665.txt},
    author =	{Joel M. Halpern and Carlos Pignataro},
	title =		{{Service Function Chaining (SFC) Architecture}},
	pagetotal =	32,
	year =		2015,
	month =		oct
}

@misc{SWA-2014,
  author={ETSI GS SWA},
  Title = {Virtual Network Functions Architecture},
  publisher={ETSI},
  year={2014},
  url = {https://www.etsi.org/deliver/etsi\_gs/NFV-SWA/001\_099/001/01.01.01\_60/gs\_NFV-SWA001v010101p.pdf},
  note={Acessed in 2018-09-13}
}

@INPROCEEDINGS{Bondan-2014,
  author={L. Bondan and C. R. P. d. Santos and L. Z. Granville},
  booktitle={10th International Conference on Network and Service Management (CNSM) and Workshop},
  title={Management requirements for ClickOS-based Network Function Virtualization},
  year={2014},
  pages={447-450},
  doi={10.1109/CNSM.2014.7014210},
  ISSN={2165-9605},
  month={Nov},}

@misc{Intel-2014,
  author={Intel},
  Title = {Data Plane Development Kit},
  publisher={Intel},
  year={2014},
  url = {http://dpdk.org},
  note={Acessed in 2018-09-13}
}

@inproceedings{Manco-2017,
 author = {Manco, Filipe and Lupu, Costin and Schmidt, Florian and Mendes, Jose and Kuenzer, Simon and Sati, Sumit and Yasukata, Kenichi and Raiciu, Costin and Huici, Felipe},
 title = {My VM is Lighter (and Safer) Than Your Container},
 booktitle = {Proceedings of the 26th Symposium on Operating Systems Principles},
 series = {SOSP '17},
 year = {2017},
 isbn = {978-1-4503-5085-3},
 location = {Shanghai, China},
 pages = {218--233},
 numpages = {16},
 doi = {10.1145/3132747.3132763},
 acmid = {3132763},
 publisher = {ACM}
} 

%==================================================
%ARCHITECTURE
%==================================================

@inproceedings{Rizzo-2012,
  author = {Luigi Rizzo},
  title = {netmap: A Novel Framework for Fast Packet I/O},
  booktitle = {2012 USENIX Annual Technical Conference (USENIX ATC 12)},
  year = {2012},
  month = Jun,
  isbn = {978-931971-93-5},
  address = {Boston, MA},
  pages = {101--112},
  publisher = {USENIX Association},
}

@article{Han-2010,
  title={Massively-Parallel Packet Processing with GPUs to Accelerate Software Routers},
  author={Han, Sangjin and Jang, Keon and Park, KyoungSoo and Moon, Sue},
  journal={USENIX Symposium on Networked Systems Design and Implementation},
  year={2010}
}

@misc{Ntop-2013,
  author={Intel},
  Title = {PF\_RING: High-speed packet capture, filtering and analysis},
  publisher={Ntop},
  year={2013},
  url = {https://www.ntop.org/products/packet-capture/pf\_ring},
  note={Acessed in 2018-09-13}
}

@misc{Solarflare-2013,
  author={Solarflare},
  Title = {OpenLoad},
  publisher={Solarflare},
  year={2008},
  url = {https://www.openonload.org/},
  note={Acessed in 2018-09-13}
}

@article{Kohler-2000,
  author = {Kohler, Eddie and Morris, Robert and Chen, Benjie and Jannotti, John and Kaashoek, M. Frans},
  title = {The Click Modular Router},
  journal = {ACM Trans. Comput. Syst.},
  issue_date = {Aug. 2000},
  volume = {18},
  number = {3},
  month = aug,
  year = {2000},
  issn = {0734-2071},
  pages = {263--297},
  numpages = {35},
  doi = {10.1145/354871.354874},
  acmid = {354874},
  publisher = {ACM},
}

@misc{Cisco-2018,
  author={Cisco},
  Title = {Vector Packet Processing},
  publisher={Cisco},
  year={2018},
  url = {https://blogs.cisco.com/tag/vector-packet-processing},
  note={Acessed in 2018-09-13}
}

@misc{IFA-2018,
  author={ETSI IFA},
  Title = {VNF Descriptor and Packaging Specification},
  publisher={ETSI},
  year={2018},
  url = {https://www.etsi.org/deliver/etsi\_gs/NFV-IFA/001\_099/011/02.05.01\_60/gs\_NFV-IFA011v020501p.pdf},
  note={Acessed in 2018-09-13}
}

%==================================================
%PROTOTYPE
%==================================================

@inproceedings{Marcuzzo-2018,
  title={Click-on-osv: A platform for running click-based middleboxes},
  author={da Cruz Marcuzzo, Leonardo and Garcia, Vinicius F and Cunha, Vitor and Corujo, Daniel and Barraca, Joao P and Aguiar, Rui L and Schaeffer-Filho, Alberto E and Granville, Lisandro Z and dos Santos, Carlos RP},
  booktitle={Integrated Network and Service Management (IM), 2017 IFIP/IEEE Symposium on},
  pages={885--886},
  year={2017},
  organization={IEEE}
}

@article{Bu-2018,
  title={SDNFV-based dynamic network function deployment: model and mechanism},
  author={Bu, Chao and Wang, Xingwei and Huang, Min and Li, Keqin},
  journal={IEEE Communications Letters},
  volume={22},
  number={1},
  pages={93--96},
  year={2018},
  publisher={IEEE}
}

@article{Roman-2005,
  title={Web service modeling ontology},
  author={Roman, Dumitru and Keller, Uwe and Lausen, Holger and De Bruijn, Jos and Lara, Rub{\'e}n and Stollberg, Michael and Polleres, Axel and Feier, Cristina and Bussler, Cristoph and Fensel, Dieter},
  journal={Applied ontology},
  volume={1},
  number={1},
  pages={77--106},
  year={2005},
  publisher={IOS Press}
}

%==================================================
%EVALUATION
%==================================================

@article{Ehlert-2006,
  title={Analysis and signature of Skype VoIP session traffic},
  author={Ehlert, Sven and Petgang, Sandrine and Magedanz, Thomas and Sisalem, Dorgham},
  journal={ASTED International Conference on Communications},
  pages={83--89},
  month = {08},
  year={2006}
}